@article{Tomlinson2012,
address = {New York, New York, USA},
author = {Tomlinson, Bill and Penzenstadler, Birgit and Torrance, Andrew and Callele, David and Olson, Gary and Silberman, Six and St\"{u}nder, Marcus and Palamedi, Fabio Romancini and Salah, Albert Ali and Morrill, Eric and Franch, Xavier and Ross, Joel and Mueller, Florian Floyd and Kaye, Joseph 'Jofish' and Black, Rebecca W. and Cohn, Marisa L. and Shih, Patrick C. and Brewer, Johanna and Goyal, Nitesh and N\"{a}kki, Pirjo and Huang, Jeff and Baghaei, Nilufar and Andre, Paul and Saper, Craig and Baumer, Eric and Patterson, Donald and Corneli, Joseph and Mahaux, Martin and Nobarany, Syavash and Lazzari, Marco},
doi = {10.1145/2212776.2212779},
file = {:Users/mnelimar/\_papers/2012/Tomlinson et al.\_2012\_Massively distributed authorship of academic papers.pdf:pdf},
isbn = {9781450310161},
journal = {Proceedings of the 2012 ACM annual conference extended abstracts on Human Factors in Computing Systems Extended Abstracts - CHI EA '12},
pages = {11},
publisher = {ACM Press},
title = {{Massively distributed authorship of academic papers}},
url = {http://dl.acm.org/citation.cfm?doid=2212776.2212779},
year = {2012}
}

